<?xml version="1.0" encoding="utf-8"?>
<record xmlns="http://www.loc.gov/MARC21/slim" xmlns:xsi="http://www.w3.org/2001/XMLSchema-instance" xsi:schemaLocation="http://www.loc.gov/MARC21/slim http://www.loc.gov/standards/marcxml/schema/MARC21slim.xsd">
	<leader>     nam a22        4500</leader>
	<controlfield tag="001">3063357</controlfield>
	<controlfield tag="003">NNC</controlfield>
	<controlfield tag="006">m        d        </controlfield>
	<controlfield tag="007">cr cn |||m|||a</controlfield>
	<controlfield tag="008">150505s1950    ua a    ob    000 0 ara  </controlfield>
	<datafield ind1=" " ind2=" " tag="040">
		<subfield code="a">NNU</subfield>
		<subfield code="b">eng</subfield>
		<subfield code="c">NNU</subfield>
	</datafield>
	<datafield ind1="0" ind2=" " tag="041">
		<subfield code="a">ara</subfield>
		<subfield code="a">fre</subfield>
	</datafield>
	<datafield ind1="0" ind2="0" tag="050">
		<subfield code="a">B749</subfield>
		<subfield code="b">.T3 1950</subfield>
	</datafield>
	<datafield ind1="0" ind2=" " tag="100">
		<subfield code="6">880-01</subfield>
		<subfield code="a">Averroës,</subfield>
		<subfield code="d">1126-1198.</subfield>
	</datafield>
	<datafield ind1="1" ind2="0" tag="245">
		<subfield code="6">880-02</subfield>
		<subfield code="a">Talkhīs Kitāb al-nafs</subfield>
		<subfield code="h">[electronic resource] /</subfield>
		<subfield code="c">Abī al-Walīd Ibn Rushd. </subfield>
	</datafield>
	<datafield ind1=" " ind2=" " tag="250">
		<subfield code="6">880-03</subfield>
		<subfield code="a">al-Ṭabʻah al-ūlá.</subfield>
	</datafield>
	<datafield ind1=" " ind2=" " tag="260">
		<subfield code="6">880-04</subfield>
		<subfield code="a">al-Qāhirah :</subfield>
		<subfield code="b">Maktabat al-Nahdat al-Miṣrīyah,</subfield>
		<subfield code="c">1950.</subfield>
	</datafield>
	<datafield ind1=" " ind2=" " tag="300">
		<subfield code="a">online resource (62, 188 p.) :</subfield>
		<subfield code="b">ill.</subfield>
	</datafield>
	<datafield ind1=" " ind2=" " tag="500">
		<subfield code="a">Part of the Arabic Collections Online (ACO) project, contributed by Columbia University Libraries.</subfield>
	</datafield>
	<datafield ind1=" " ind2=" " tag="504">
		<subfield code="a">Includes bibliographical references.</subfield>
	</datafield>
	<datafield ind1=" " ind2=" " tag="500">
		<subfield code="a">Summary in French.</subfield>
	</datafield>
	<datafield ind1="0" ind2=" " tag="505">
		<subfield code="6">880-05</subfield>
		<subfield code="a">Risālat al-ittiṣāl / li-Ibn al-Ṣāyigh -- Kitāb al-nafs / li-Isḥāq ibn Ḥunayn -- Risālat al-ittiṣāl / li-Ibn Rushd -- Risālat al-ʻaql / li-Yaʻqūb al-Kindī.</subfield>
	</datafield>
	<datafield ind1=" " ind2=" " tag="533">
		<subfield code="a">Electronic reproduction.</subfield>
		<subfield code="b">New York, N.Y. :</subfield>
		<subfield code="c">New York University,</subfield>
		<subfield code="d">2015.</subfield>
		<subfield code="5">NNU</subfield>
	</datafield>
	<datafield ind1=" " ind2="0" tag="650">
		<subfield code="a">Soul.</subfield>
	</datafield>
	<datafield ind1="0" ind2="0" tag="600">
		<subfield code="a">Aristotle.</subfield>
		<subfield code="t">De anima.</subfield>
	</datafield>
	<datafield ind1="0" ind2="7" tag="630">
		<subfield code="a">De anima (Aristotle)</subfield>
		<subfield code="2">fast</subfield>
		<subfield code="0">(OCoLC)fst01356409</subfield>
	</datafield>
	<datafield ind1=" " ind2="7" tag="650">
		<subfield code="a">Soul.</subfield>
		<subfield code="2">fast</subfield>
		<subfield code="0">(OCoLC)fst01432098</subfield>
	</datafield>
	<datafield ind1="0" ind2=" " tag="653">
		<subfield code="a">Soul;</subfield>
		<subfield code="a">philosophy.</subfield>
	</datafield>
	<datafield ind1="1" ind2=" " tag="700">
		<subfield code="6">880-06</subfield>
		<subfield code="a">Ahwānī, Aḥmad Fuʼād,</subfield>
		<subfield code="d">-1970.</subfield>
	</datafield>
	<datafield ind1="0" ind2="2" tag="700">
		<subfield code="a">Aristotle.</subfield>
		<subfield code="t">De anima.</subfield>
	</datafield>
	<datafield ind1="0" ind2="2" tag="700">
		<subfield code="6">880-07</subfield>
		<subfield code="a">Avempace,</subfield>
		<subfield code="d">-1138 or 1139.</subfield>
		<subfield code="t">Risālat al-ittiṣāl.</subfield>
	</datafield>
	<datafield ind1="0" ind2="2" tag="700">
		<subfield code="6">880-08</subfield>
		<subfield code="a">Isḥāq ibn Ḥunayn,</subfield>
		<subfield code="d">830 or 831-910 or 911.</subfield>
		<subfield code="t">Kitāb al-nafs.</subfield>
	</datafield>
	<datafield ind1="1" ind2="2" tag="700">
		<subfield code="6">880-09</subfield>
		<subfield code="a">Ibn Rushd, ʻAbd Allāh ibn Muḥammad,</subfield>
		<subfield code="d">active 12th century.</subfield>
		<subfield code="t">Risālat al-ittiṣāl.</subfield>
	</datafield>
	<datafield ind1="0" ind2="2" tag="700">
		<subfield code="6">880-10</subfield>
		<subfield code="a">Kindī,</subfield>
		<subfield code="d">-approximately 873.</subfield>
		<subfield code="t">Risālat al-ʻaql.</subfield>
	</datafield>
	<datafield ind1="2" ind2=" " tag="710">
		<subfield code="a">Columbia University.</subfield>
		<subfield code="b">Libraries.</subfield>
	</datafield>
	<datafield ind1="0" ind2=" " tag="730">
		<subfield code="a">Arabic Collections Online.</subfield>
	</datafield>
	<datafield ind1="0" ind2="8" tag="776">
		<subfield code="i">Online version:</subfield>
		<subfield code="a">Averroës, 1126-1198.</subfield>
		<subfield code="t">Talkhīs Kitāb al-nafs.</subfield>
		<subfield code="b">al-Ṭabʻah al-ūlá</subfield>
		<subfield code="d">al-Qāhirah : Maktabat al-Nahdat al-Miṣrīyah, 1950</subfield>
		<subfield code="w">(OCoLC)551416701</subfield>
	</datafield>
	<datafield ind1="0" ind2="8" tag="776">
		<subfield code="i">Print version:</subfield>
		<subfield code="a">Averroës, 1126-1198.</subfield>
		<subfield code="t">Talkhīs Kitāb al-nafs</subfield>
		<subfield code="w">(NNC)3063357</subfield>
		<subfield code="w">(DLC)   58042947 </subfield>
		<subfield code="w">(OCoLC)25172115</subfield>
	</datafield>
	<datafield ind1="4" ind2="0" tag="856">
		<subfield code="u">http://hdl.handle.net/2333.1/2547d9pj</subfield>
	</datafield>
	<datafield ind1="0" ind2=" " tag="880">
		<subfield code="6">100-01/r</subfield>
		<subfield code="a">ابن رشد،</subfield>
		<subfield code="d">1126-1198.</subfield>
	</datafield>
	<datafield ind1="1" ind2="0" tag="880">
		<subfield code="6">245-02/r</subfield>
		<subfield code="a">تلخيص كتاب النفس /</subfield>
		<subfield code="c">لأبي الوليد بن رشد. وأربع رسائل: رسالة الاتصال / لابن الصايغ، كتاب النفس / لإسحق بن حنين، رسالة الاتصال / لابن رشد، رسالة العقل / ليعقوب الكندي ؛ نشرها وحققها وقدم لها أحمد فؤاد الأهواني.</subfield>
	</datafield>
	<datafield ind1=" " ind2=" " tag="880">
		<subfield code="6">250-03/r</subfield>
		<subfield code="a">الطبعة ١.</subfield>
	</datafield>
	<datafield ind1=" " ind2=" " tag="880">
		<subfield code="6">260-04/r</subfield>
		<subfield code="a">القاهرة؛</subfield>
		<subfield code="b">مكتبة النهضة المصرية،</subfield>
		<subfield code="c">١٩٥٠.</subfield>
	</datafield>
	<datafield ind1="0" ind2=" " tag="880">
		<subfield code="6">505-05/r</subfield>
		<subfield code="a">رسالة الاتصال / لاابن الصايغ  كتاب النفس / لااسحاق بن حنين  رسالة الاتصال / لاابن رشد  رسالة العقل / ليعقوب الكندي.</subfield>
	</datafield>
	<datafield ind1="1" ind2=" " tag="880">
		<subfield code="6">700-06/r</subfield>
		<subfield code="a">أهواني، أحمد فؤاد.</subfield>
	</datafield>
	<datafield ind1="0" ind2="2" tag="880">
		<subfield code="6">700-07/r</subfield>
		<subfield code="a">ابن باجة،</subfield>
		<subfield code="d">1138 or 1139.</subfield>
		<subfield code="t">رسالة الاتصال.</subfield>
	</datafield>
	<datafield ind1="0" ind2="2" tag="880">
		<subfield code="6">700-08/r</subfield>
		<subfield code="a">اسحاق بن حنين،</subfield>
		<subfield code="d">830 or 831-910 or 911.</subfield>
		<subfield code="t">كتاب النفس.</subfield>
	</datafield>
	<datafield ind1="1" ind2="2" tag="880">
		<subfield code="6">700-09/r</subfield>
		<subfield code="a">ابن رشد، عبد الله بن محمد،</subfield>
		<subfield code="d">active 12th century.</subfield>
		<subfield code="t">رسالة الاتصال.</subfield>
	</datafield>
	<datafield ind1="0" ind2="2" tag="880">
		<subfield code="6">700-10/r</subfield>
		<subfield code="a">كندي،</subfield>
		<subfield code="d">-approximately 873.</subfield>
		<subfield code="t">رسالة العقل.</subfield>
	</datafield>
	<datafield ind1=" " ind2=" " tag="959">
		<subfield code="a">NNU</subfield>
		<subfield code="b">WEB</subfield>
		<subfield code="c">GENI</subfield>
		<subfield code="t">0</subfield>
		<subfield code="m">Electronic access</subfield>
		<subfield code="s">01</subfield>
	</datafield>
	<datafield ind1=" " ind2=" " tag="999">
		<subfield code="i">NNC_3063357</subfield>
		<subfield code="o">(OCoLC)25172115</subfield>
		<subfield code="e">OK</subfield>
		<subfield code="s">columbia_aco000186</subfield>
	</datafield>
</record>
